@book{P2,
  author    = {Chen-Chung Chang and H. Jerome Keisler},
  title     = {Model Theory},
  publisher = {North-Holland},
  edition   = {Third},
  year      = 1990
}

@inproceedings{P1,
  author    = {Hiroki Arimura},
  title     = {Learning Acyclic First-Order Horn Sentences from Entailment},
  booktitle = {Proc. of the 8th Intl. Conf. on Algorithmic Learning Theory, ALT '97},
  year      = {1997},
  pages     = {432-445},
  ee        = {http://dx.doi.org/10.1007/3-540-63577-7_59},
  bibsource = {DBLP, http://dblp.uni-trier.de}
}


@misc{template,
  author       = {Pamela Fry},
  title        = {Literature Review Template},
  howpublished = {\url{https://www.tru.ca/__shared/assets/Literature_Review_Template30564.pdf}},
  note         = {Thompson Rivers University. Online; accessed 3 September, 2018}
}

@book{anderson2020security,
  title     = {Security engineering: a guide to building dependable distributed systems},
  author    = {Anderson, Ross},
  year      = {2020},
  publisher = {John Wiley \& Sons}
}

@book{stallings2018computer,
  title     = {Computer security: principles and practice},
  author    = {Stallings, William and Brown, Lawrie and Bauer, Michael D and Howard, Michael},
  volume    = {4},
  year      = {2018},
  publisher = {Pearson}
}

@inbook{granick_2017,
  place     = {Cambridge},
  title     = {We Kill People Based on Metadata},
  doi       = {10.1017/9781316216088.006},
  booktitle = {American Spies: Modern Surveillance, Why You Should Care, and What to Do About It},
  publisher = {Cambridge University Press},
  author    = {Granick, Jennifer Stisa},
  year      = {2017},
  pages     = {53–66}
}

@misc{nsa,
  title        = {National Security Agency},
  howpublished = {\url{https://www.nsa.gov/}},
  note         = {Accessed: 2022-04-25}
} 

@misc{cia,
  title        = {Central Intelligence Agency},
  howpublished = {\url{https://www.nsa.gov/}},
  note         = {Accessed: 2022-08-01}
} 

@article{chaum1981untraceable,
  title     = {Untraceable electronic mail, return addresses, and digital pseudonyms},
  author    = {Chaum, David L},
  journal   = {Communications of the ACM},
  volume    = {24},
  number    = {2},
  pages     = {84--90},
  year      = {1981},
  publisher = {ACM New York, NY, USA}
}

@inproceedings{ben2021mixim,
  title     = {MiXiM: Mixnet Design Decisions and Empirical Evaluation},
  author    = {Ben Guirat, Iness and Gosain, Devashish and Diaz, Claudia},
  booktitle = {Proceedings of the 20th Workshop on Workshop on Privacy in the Electronic Society},
  pages     = {33--37},
  year      = {2021}
}

@inproceedings{piotrowska2017loopix,
  title     = {The loopix anonymity system},
  author    = {Piotrowska, Ania M and Hayes, Jamie and Elahi, Tariq and Meiser, Sebastian and Danezis, George},
  booktitle = {26th USENIX Security Symposium (USENIX Security 17)},
  pages     = {1199--1216},
  year      = {2017}
}

@misc{diaz2021nym,
  title  = {The Nym Network},
  author = {Diaz, Claudia and Halpin, Harry and Kiayias, Aggelos},
  year   = {2021}
}

@inproceedings{chaum2017cmix,
  title        = {cMix: Mixing with minimal real-time asymmetric cryptographic operations},
  author       = {Chaum, David and Das, Debajyoti and Javani, Farid and Kate, Aniket and Krasnova, Anna and Ruiter, Joeri De and Sherman, Alan T},
  booktitle    = {International conference on applied cryptography and network security},
  pages        = {557--578},
  year         = {2017},
  organization = {Springer}
}


@misc{xx-netowrk-app,
  title        = {xx network app},
  howpublished = {\url{https://play.google.com/store/apps/details?id=io.xxlabs.messenger}},
  note         = {Accessed: 2022-08-01}
} 


@misc{xx-netowrk,
  title        = {xx network},
  howpublished = {\url{https://xx.network/}},
  note         = {Accessed: 2022-04-25}
} 

@misc{entropy,
  title        = {Shannon Entropy, Wikipedia},
  howpublished = {\url{https://en.wikipedia.org/wiki/Entropy_(information_theory)}},
  note         = {Accessed: 2022-04-25}
} 

@misc{simulator,
  title        = {Simulator},
  howpublished = {\url{https://github.com/aniampio/Simulator}},
  note         = {Accessed: 2022-04-25}
} 

@misc{mixim,
  title        = {MiXiM},
  howpublished = {\url{https://gitlab.esat.kuleuven.be/Iness.BenGuirat/mixim}},
  note         = {Accessed: 2022-04-25}
}

@misc{sonarqube,
  title        = {SonarQube},
  howpublished = {\url{https://www.sonarqube.org/}},
  note         = {Accessed: 2022-08-01}
}


@inproceedings{piotrowska2021studying,
  title     = {Studying the anonymity trilemma with a discrete-event mix network simulator},
  author    = {Piotrowska, Ania M},
  booktitle = {Proceedings of the 20th Workshop on Workshop on Privacy in the Electronic Society},
  pages     = {39--44},
  year      = {2021}
}

@article{guirat2022mixnet,
  title={Mixnet optimization methods},
  author={Guirat, Iness Ben and Diaz, Claudia},
  journal={Proceedings on Privacy Enhancing Technologies},
  volume={3},
  pages={456--477},
  year={2022}
}

@article{erodotos,
  title={Informatics Project Proposal. A replication study: The security and performance of mixnetwork topologies},
  author={Erodotos Demetriou},
  year={2022}
}

@inproceedings{diaz2002towards,
  title        = {Towards measuring anonymity},
  author       = {Diaz, Claudia and Seys, Stefaan and Claessens, Joris and Preneel, Bart},
  booktitle    = {International Workshop on Privacy Enhancing Technologies},
  pages        = {54--68},
  year         = {2002},
  organization = {Springer}
}

@inproceedings{serjantov2002towards,
  title        = {Towards an information theoretic metric for anonymity},
  author       = {Serjantov, Andrei and Danezis, George},
  booktitle    = {International Workshop on Privacy Enhancing Technologies},
  pages        = {41--53},
  year         = {2002},
  organization = {Springer}
}

@inproceedings{diaz2006anonymity,
  title        = {Anonymity metrics revisited},
  author       = {Diaz, Claudia},
  booktitle    = {Dagstuhl Seminar Proceedings},
  year         = {2006},
  organization = {Schloss Dagstuhl-Leibniz-Zentrum f{\"u}r Informatik}
}

@misc{web30,
  title        = {Web 2.0 and Web 3.0},
  howpublished = {\url{https://www.investopedia.com/web-20-web-30-5208698#:~:text=Web%203.0%20represents%20the%20next,openness%2C%20and%20greater%20user%20utility.}},
  note         = {Accessed: 2022-04-25}
}

@misc{bitcoin,
  title        = {Bitcoin},
  howpublished = {\url{https://bitcoin.org/en/}},
  note         = {Accessed: 2022-04-25}
}

@misc{ethereum,
  title        = {Ethereum},
  howpublished = {\url{https://ethereum.org/en/}},
  note         = {Accessed: 2022-04-25}
}

@misc{polygon,
  title        = {Polygon},
  howpublished = {\url{https://polygon.technology/}},
  note         = {Accessed: 2022-04-25}
}

@misc{nym-tech,
  title        = {Nym Tech - About},
  howpublished = {\url{https://nymtech.net/about/}},
  note         = {Accessed: 2022-04-25}
}

@inproceedings{gelernter2017two,
  title        = {Two cents for strong anonymity: The anonymous post-office protocol},
  author       = {Gelernter, Nethanel and Herzberg, Amir and Leibowitz, Hemi},
  booktitle    = {International Conference on Cryptology and Network Security},
  pages        = {390--412},
  year         = {2017},
  organization = {Springer}
}

@inproceedings{diaz2003generalising,
  title        = {Generalising mixes},
  author       = {Diaz, Claudia and Serjantov, Andrei},
  booktitle    = {International Workshop on Privacy Enhancing Technologies},
  pages        = {18--31},
  year         = {2003},
  organization = {Springer}
}

@inproceedings{kesdogan1998stop,
  title        = {Stop-and-go-mixes providing probabilistic anonymity in an open system},
  author       = {Kesdogan, Dogan and Egner, Jan and B{\"u}schkes, Roland},
  booktitle    = {International Workshop on Information Hiding},
  pages        = {83--98},
  year         = {1998},
  organization = {Springer}
}

@misc{remailers,
  title        = {Anontmous Remailers},
  howpublished = {\url{https://en.wikipedia.org/wiki/Anonymous_remailer}},
  note         = {Accessed: 2022-04-25}
}


@misc{mixmaster,
  title        = {Mixmaster anonymous remailer},
  howpublished = {\url{http://mixmaster.sourceforge.net/}},
  note         = {Accessed: 2022-04-25}
}

@inproceedings{danezis2003mixminion,
  title        = {Mixminion: Design of a type III anonymous remailer protocol},
  author       = {Danezis, George and Dingledine, Roger and Mathewson, Nick},
  booktitle    = {2003 Symposium on Security and Privacy, 2003.},
  pages        = {2--15},
  year         = {2003},
  organization = {IEEE}
}

@inproceedings{kwon2020xrd,
  title     = {$\{$XRD$\}$: Scalable messaging system with cryptographic privacy},
  author    = {Kwon, Albert and Lu, David and Devadas, Srinivas},
  booktitle = {17th USENIX Symposium on Networked Systems Design and Implementation (NSDI 20)},
  pages     = {759--776},
  year      = {2020}
}

@inproceedings{van2015vuvuzela,
  title     = {Vuvuzela: Scalable private messaging resistant to traffic analysis},
  author    = {Van Den Hooff, Jelle and Lazar, David and Zaharia, Matei and Zeldovich, Nickolai},
  booktitle = {Proceedings of the 25th Symposium on Operating Systems Principles},
  pages     = {137--152},
  year      = {2015}
}


@book{greenwald2014no,
  title     = {No place to hide: Edward Snowden, the NSA, and the US surveillance state},
  author    = {Greenwald, Glenn},
  year      = {2014},
  publisher = {Macmillan}
}

@misc{hopr,
  title        = {HOPR},
  howpublished = {\url{https://hoprnet.org/}},
  note         = {Accessed: 2022-04-25}
}

@inproceedings{pfitzmann2001anonymity,
  title        = {Anonymity, unobservability, and pseudonymity—a proposal for terminology},
  author       = {Pfitzmann, Andreas and K{\"o}hntopp, Marit},
  booktitle    = {Designing privacy enhancing technologies},
  pages        = {1--9},
  year         = {2001},
  organization = {Springer}
}

@article{reiter1998crowds,
  title     = {Crowds: Anonymity for web transactions},
  author    = {Reiter, Michael K and Rubin, Aviel D},
  journal   = {ACM transactions on information and system security (TISSEC)},
  volume    = {1},
  number    = {1},
  pages     = {66--92},
  year      = {1998},
  publisher = {ACM New York, NY, USA}
}


@misc{simpy,
  title        = {SimPy, a process-based discrete-event simulation framework based on standard Python.},
  howpublished = {\url{https://simpy.readthedocs.io/en/latest/}},
  note         = {Accessed: 2022-04-25}
}

@misc{williams1986gnuplot,
  title  = {GNUPLOT: an interactive plotting program: user manual},
  author = {Williams, T and Kelley, C},
  year   = {1986}
}

@misc{cProfile,
  title        = {cProfile : deterministic profiling of Python programs.},
  howpublished = {\url{https://docs.python.org/3/library/profile.html}},
  note         = {Accessed: 2022-04-25}
}

@misc{memprofiler,
  title        = {A python module for monitoring memory consumption of a process as well as line-by-line analysis of memory consumption for python programs.},
  howpublished = {\url{https://pypi.org/project/memory-profiler/}},
  note         = {Accessed: 2022-04-25}
}


@online{KatzMixnet,
title = {Katzenpost Mix Network Specification},
author = {Yawning Angel and George Danezis and Claudia Diaz and Ania Piotrowska and David Stainton},
url = {https://github.com/Katzenpost/docs/blob/master/specs/mixnet.rst},
year = {2017}
}